@article{CabezaNyberg2000,
  title={{Imaging cognition II: An empirical review of 275 PET and fMRI studies}},
  author={Cabeza, R. and Nyberg, L.},
  journal={Journal of cognitive neuroscience},
  volume={12},
  number={1},
  pages={1--47},
  year={2000},
  publisher={MIT Press}
}
@article{Horwitz2003,
  title={{The elusive concept of brain connectivity}},
  author={Horwitz, B.},
  journal={Neuroimage},
  volume={19},
  number={2},
  pages={466--470},
  year={2003},
  publisher={Elsevier}
}
@article{Sur1988,
  title={{Experimentally induced visual projections into auditory thalamus and cortex}},
  author={Sur, M. and Garraghty, P.E. and Roe, A.W.},
  journal={Science},
  volume={242},
  number={4884},
  pages={1437--1437},
  year={1988}
}

@article{NIPS10,
  title={{Deciphering subsampled data: adaptive compressive sampling as a principle of brain communication}},
  author={Isely, G. and Hillar, C. and Sommer, F.},
  journal={Advances in neural information processing systems},
  volume={},
  pages={},
  year={2010},
%  publisher={Citeseer}
}



@article{lee2007,
  title={{Efficient sparse coding algorithms}},
  author={Lee, H. and Battle, A. and Raina, R. and Ng, A.Y.},
  journal={Advances in neural information processing systems},
  volume={19},
  pages={801},
  year={2007},
  publisher={Citeseer}
}

@article{Ramsey1930,
author = {Ramsey, F. P.}, 
title = {{On a problem of formal logic}}, 
volume = {s2-30}, 
number = {1}, 
pages = {264-286}, 
year = {1930}, 
doi = {10.1112/plms/s2-30.1.264}, 
URL = {http://plms.oxfordjournals.org/content/s2-30/1/264.short}, 
eprint = {http://plms.oxfordjournals.org/content/s2-30/1/264.full.pdf+html}, 
journal = {Proceedings of the London Mathematical Society} 
}

@article{theunissen2001,
  title={{Estimating spatio-temporal receptive fields of auditory and visual neurons from their responses to natural stimuli}},
  author={Theunissen, FE and David, SV and Singh, NC and Hsu, A. and Vinje, WE and Gallant, JL},
  journal={Network: Computation in Neural Systems},
  volume={12},
  number={3},
  pages={289--316},
  year={2001},
  publisher={Informa UK Ltd UK}
}

@ARTICLE{BiRiTsy08,
 AUTHOR =       {P. Bickel and Y. Ritov and A. Tsybakov},
 TITLE =        "Simultaneous Analysis of {L}asso and {D}antzig Selector",
 JOURNAL =         {Annals of Statistics},
 YEAR =         {2009},
 VOLUME = 37,
 NUMBER = 4,
 PAGES = "1705--1732"
}

@TECHREPORT{RasWaiYu09,
 TITLE = "Minimax rates of estimation for high-dimensional linear regression over $\ell_q$-balls",
 AUTHOR = "G. Raskutti and M. J. Wainwright and B. Yu",
 INSTITUTION = "UC Berkeley, Department of Statistics",
 YEAR = 2009,
 NUMBER =  "arXiv:0910.2042"
}

@ARTICLE{Baraniuk2008,
  author = {Baraniuk, R. and Davenport, M. and DeVore, R. and Wakin, M.},
  title = {{A simple proof of the restricted isometry property for random matrices}},
  journal = {Constructive Approximation},
  year = {2008},
  volume = {28},
  pages = {253--263},
  number = {3},
  owner = {cav},
  publisher = {Springer},
  timestamp = {2010.08.10}
}

@conference{wymanthomas1983,
  title={{What genes are necessary to make an identified synapse?}},
  author={Wyman, RJ and Thomas, JB},
  booktitle={Cold Spring Harbor Symposia on Quantitative Biology},
  volume={48},
  pages={641},
  year={1983},
  organization={Cold Spring Harbor Laboratory Press}
}

@article{schuzetal2006,
  title={{Quantitative aspects of corticocortical connections: a tracer study in the mouse}},
  author={Schuz, A. and Chaimow, D. and Liewald, D. and Dortenman, M.},
  journal={Cerebral Cortex},
  volume={16},
  number={10},
  pages={1474},
  year={2006},
  publisher={Oxford Univ Press}
}

@article{melcheretal2000,
  title={{Visual behaviour mediated by retinal projections directed to the auditory pathway}},
  author={von Melchner, L. and Pallas, S.L. and Sur, M.},
  journal={Nature},
  volume={404},
  number={6780},
  pages={871--876},
  year={2000},
  publisher={Nature Publishing Group}
}

@article{sur1988,
  title={{Experimentally induced visual projections into auditory thalamus and cortex}},
  author={Sur, M. and Garraghty, P.E. and Roe, A.W.},
  journal={Science(Washington)},
  volume={242},
  number={4884},
  pages={1437--1437},
  year={1988},
  publisher={American Association for the Advancement of Science, 1333 H St, NW, 8 th Floor, Washington, DC, 20005, USA}
}

@article{fellemanVanEssen1992,
  title={{Information processing in the primate visual system: an integrated systems perspective}},
  author={Van Essen, D.C. and Anderson, C.H. and Felleman, D.J.},
  journal={Science},
  volume={255},
  number={5043},
  pages={419--423},
  year={1992}
}

@article{ruderman1994,
  title={{Statistics of natural images: Scaling in the woods}},
  author={Ruderman, D.L. and Bialek, W.},
  journal={Physical Review Letters},
  volume={73},
  number={6},
  pages={814--817},
  year={1994},
  publisher={APS}
}

@article{olshausenfield1996,
  title={{Emergence of simple-cell receptive field properties by learning a sparse code for natural images}},
  author={Olshausen, B.A. and Field, D.J.},
  journal={Nature},
  volume={381},
  number={6583},
  pages={607--609},
  year={1996}
}

@article{bellsejnowski1996,
  title={{Learning the higher-order structure of a natural sound}},
  author={Bell, A. and Sejnowski, T.},
  journal={Network: Computation in Neural Systems},
  volume={7},
  number={2},
  pages={261--266},
  year={1996},
  publisher={Informa Healthcare}
}

@article{smithlewicki2006,
  title={{Efficient auditory coding}},
  author={Smith, E.C. and Lewicki, M.S.},
  journal={Nature},
  volume={439},
  number={7079},
  pages={978--982},
  year={2006},
  publisher={Nature Publishing Group}
}

@conference{candes2006,
  title={{Compressive sampling}},
  author={Cand{\`e}s, E.J.},
  booktitle={Proceedings of the International Congress of Mathematicians},
  volume={3},
  pages={1433--1452},
  year={2006},
  organization={Citeseer}
}

@article{gleichmaneldar2010,
  title={{Blind Compressed Sensing}},
  author={S. Gleichman and Y.C. Eldar},
  journal={preprint},
  year={2010},
}

@article{wainwright2009,
  title={{Sharp thresholds for high-dimensional and noisy sparsity recovery using $ell_1$-constrained quadratic programming (Lasso)}},
  author={Wainwright, M.J.},
  journal={IEEE Trans. Information Theory},
   pages={2183--2202},
  year={2009},
}

@article{rehnsommer2007,
  title={{A network that uses few active neurones to code visual input predicts the diverse shapes of cortical receptive fields}},
  author={Rehn, M. and Sommer, F.T.},
  journal={Journal of Computational Neuroscience},
  volume={22},
  number={2},
  pages={135--146},
  year={2007},
  publisher={Springer}
}

@article{rozelletal2008,
  title={{Sparse coding via thresholding and local competition in neural circuits}},
  author={Rozell, C.J. and Johnson, D.H. and Baraniuk, R.G. and Olshausen, B.A.},
  journal={Neural computation},
  volume={20},
  number={10},
  pages={2526--2563},
  year={2008},
  publisher={MIT Press}
}

@conference{weissetal2007,
  title={{Learning compressed sensing}},
  author={Weiss, Y. and Chang, H. and Freeman, W.},
  booktitle={Snowbird Learning Workshop, Allerton, CA},
  year={2007},
  organization={Citeseer}
}

@BOOK{Horn1990,
  title = {{Matrix analysis}},
  publisher = {Cambridge Univ Pr},
  year = {1990},
  author = {Horn, R.A. and Johnson, C.R.},
  owner = {cav},
  timestamp = {2010.08.24}
}


@article{elad2007,
  title={{Optimized projections for compressed sensing}},
  author={Elad, M.},
  journal={IEEE Transactions on Signal Processing},
  volume={55},
  number={12},
  pages={5695--5702},
  year={2007}
}


@book {Lang02,
    AUTHOR = {Lang, Serge},
     TITLE = {Algebra},
    SERIES = {Graduate Texts in Mathematics},
    VOLUME = {211},
   EDITION = {third},
 PUBLISHER = {Springer-Verlag},
   ADDRESS = {New York},
      YEAR = {2002},
     PAGES = {xvi+914},
      ISBN = {0-387-95385-X},
   MRCLASS = {00A05 (15-02)},
  MRNUMBER = {MR1878556 (2003e:00003)},
}

@article{SongPoo2001,
  title={{The cell biology of neuronal navigation}},
  author={Song, H. and Poo, M.},
  journal={Nature cell biology},
  volume={3},
  number={3},
  pages={E81--E88},
  year={2001},
  publisher={Nature Publishing Group}
}

@article{laurent2002,
  title={{Olfactory network dynamics and the coding of multidimensional signals}},
  author={Laurent, G.},
  journal={Nature Reviews Neuroscience},
  volume={3},
  number={11},
  pages={884--895},
  year={2002},
  publisher={Nature Publishing Group}
}

@article{WaydoEtal2006,
  title={{Sparse representation in the human medial temporal lobe}},
  author={Waydo, S. and Kraskov, A. and Quian Quiroga, R. and Fried, I. and Koch, C.},
  journal={Journal of Neuroscience},
  volume={26},
  number={40},
  pages={10232},
  year={2006},
  publisher={Soc Neuroscience}
}

