%% This BibTeX bibliography file was created using BibDesk.
%% http://bibdesk.sourceforge.net/


%% Created for Charles Garfinkle at 2015-12-20 09:20:16 -0500 


%% Saved with string encoding Unicode (UTF-8) 




@article{donoho2006compressed,
  title={{Compressed sensing}},
  author={Donoho, D.L.},
  journal={Information Theory, IEEE Transactions on},
  volume={52},
  number={4},
  pages={1289--1306},
  issn={0018-9448},
  year={2006},
  publisher={IEEE}
}


@article{tukey1953spectral,
  title={The spectral representation and transformation properties of the higher moments of stationary time series},
  author={Tukey, JW},
  journal={Reprinted in The Collected Works of John W. Tukey},
  volume={1},
  pages={165--184},
  year={1953}
}


@article{brillinger2002john,
  title={John W. Tukey's work on time series and spectrum analysis},
  author={Brillinger, David R},
  journal={Annals of Statistics},
  pages={1595--1618},
  year={2002},
  publisher={JSTOR}
}

@article{brillinger1967asymptotic,
  title={Asymptotic theory of estimates of kth-order spectra},
  author={Brillinger, David R and Rosenblatt, Murray},
  journal={Proceedings of the National Academy of Sciences},
  volume={57},
  number={2},
  pages={206--210},
  year={1967},
  publisher={National Acad Sciences}
}

@article{sato1977bispectral,
  title={Bispectral holography},
  author={Sato, Takuso and Sasaki, Kimio},
  journal={The Journal of the Acoustical Society of America},
  volume={62},
  number={2},
  pages={404--408},
  year={1977},
  publisher={Acoustical Society of America}
}

@article{sato1973synthetic,
  title={Synthetic aperture sonar},
  author={Sato, Takuso and Ueda, Mitsuhiro and Fukuda, Sadanao},
  journal={The Journal of the Acoustical Society of America},
  volume={54},
  number={3},
  pages={799--802},
  year={1973},
  publisher={Acoustical Society of America}
}

@article{smart2015ultrafast,
  title={An ultrafast camera films light at light speed},
  author={Smart, Ashley G},
  journal={Physics today},
  volume={68},
  number={2},
  pages={12},
  year={2015},
  publisher={American Institute of Physics}
}


@article{gamo1963triple,
  title={Triple correlator of photoelectric fluctuations as a spectroscopic tool},
  author={Gamo, Hideya},
  journal={Journal of Applied Physics},
  volume={34},
  number={4},
  pages={875--876},
  year={1963},
  publisher={AIP Publishing}
}



@article{wirnitzer1983measurement,
  title={Measurement of ultrashort laser pulses},
  author={Wirnitzer, B},
  journal={Optics communications},
  volume={48},
  number={3},
  pages={225--228},
  year={1983},
  publisher={Elsevier}
}


@article{lohmann1983speckle,
  title={Speckle masking in astronomy: triple correlation theory and applications},
  author={Lohmann, Adolf W and Weigelt, Gerd and Wirnitzer, Bernhard},
  journal={Applied Optics},
  volume={22},
  number={24},
  pages={4028--4037},
  year={1983},
  publisher={Optical Society of America}
}

@article{bartelt1984phase,
  title={Phase and amplitude recovery from bispectra},
  author={Bartelt, H and Lohmann, Adolf W and Wirnitzer, B},
  journal={Applied Optics},
  volume={23},
  number={18},
  pages={3121--3129},
  year={1984},
  publisher={Optical Society of America}
}

@article{giannakis1989signal,
  title={Signal reconstruction from multiple correlations: frequency-and time-domain approaches},
  author={Giannakis, Georgios B},
  journal={JOSA A},
  volume={6},
  number={5},
  pages={682--697},
  year={1989},
  publisher={Optical Society of America}
}


@inproceedings{krieger1997higher,
  title={Higher-order statistics of natural images and their exploitation by operators selective to intrinsic dimensionality},
  author={Krieger, Gerhard and Zetzsche, Christoph and Barth, Erhardt},
  booktitle={Higher-Order Statistics, 1997., Proceedings of the IEEE Signal Processing Workshop on},
  pages={147--151},
  year={1997},
  organization={IEEE}
}

@article{sadler1992shift,
  title={Shift-and rotation-invariant object reconstruction using the bispectrum},
  author={Sadler, Brian M and Giannakis, Georgios B},
  journal={JOSA A},
  volume={9},
  number={1},
  pages={57--69},
  year={1992},
  publisher={Optical Society of America}
}


@article{kakarala2012bispectrum,
  title={The bispectrum as a source of phase-sensitive invariants for Fourier descriptors: A group-theoretic approach},
  author={Kakarala, Ramakrishna},
  journal={Journal of Mathematical Imaging and Vision},
  volume={44},
  number={3},
  pages={341--353},
  year={2012},
  publisher={Springer}
}


@article{gao2014single,
  title={Single-shot compressed ultrafast photography at one hundred billion frames per second},
  author={Gao, Liang and Liang, Jinyang and Li, Chiye and Wang, Lihong V},
  journal={Nature},
  volume={516},
  number={7529},
  pages={74--77},
  year={2014},
  publisher={Nature Publishing Group}
}


@article{bhaskara2013uniqueness,
 title={Uniqueness of tensor decompositions with applications to polynomial identifiability},
 author={Bhaskara, Aditya and Charikar, Moses and Vijayaraghavan, Aravindan},
 journal={arXiv preprint arXiv:1304.8087},
 year={2013}
}

@article{BilinInv,
  author    = {Yanjun Li and
               Kiryung Lee and
               Yoram Bresler},
  title     = {A Unified Framework for Identifiability Analysis in Bilinear Inverse
               Problems with Applications to Subspace and Sparsity Models},
  journal   = {CoRR},
  volume    = {abs/1501.06120},
  year      = {2015},
  url       = {http://arxiv.org/abs/1501.06120},
  timestamp = {Mon, 02 Feb 2015 14:12:25 +0100},
  biburl    = {http://dblp.uni-trier.de/rec/bib/journals/corr/LiLB15},
  bibsource = {dblp computer science bibliography, http://dblp.org}
}

@article{candes2006stable,
 title={Stable signal recovery from incomplete and inaccurate measurements},
 author={Candes, Emmanuel J and Romberg, Justin K and Tao, Terence},
 journal={Communications on pure and applied mathematics},
 volume={59},
 number={8},
 pages={1207--1223},
 year={2006},
 publisher={Wiley Online Library}
}

@article{candes2006near,
 title={Near-optimal signal recovery from random projections: Universal encoding strategies?},
 author={Candes, Emmanuel J and Tao, Terence},
 journal={Information Theory, IEEE Transactions on},
 volume={52},
 number={12},
 pages={5406--5425},
 year={2006},
 publisher={IEEE}
}


@article{Georgiev05,
	Author = {P Georgiev, F Theis, A Cichocki},
	Date-Modified = {2015-12-20 14:20:16 +0000},
	Journal = {IEEE Transactions on Neural Networks},
	Pages = {992-996},
	Title = {Sparse component analysis and blind source separation of underdetermined mixtures},
	Volume = {16(4)},
	Year = {2005}}

@article{Aharon06,
	Author = {Aharon, Michal and Elad, Michael and Bruckstein, Alfred M},
	Journal = {Linear algebra and its applications},
	Number = {1},
	Pages = {48--67},
	Publisher = {Elsevier},
	Title = {On the uniqueness of overcomplete dictionaries, and a practical way to retrieve them},
	Volume = {416},
	Year = {2006}}

@article{CandesTao05,
	Author = {Candes, Emmanuel J and Tao, Terence},
	Date-Modified = {2015-12-14 03:40:23 +0000},
	Journal = {Information Theory, IEEE Transactions on},
	Number = {12},
	Pages = {4203--4215},
	Publisher = {IEEE},
	Title = {Decoding by linear programming},
	Volume = {51},
	Year = {2005}}

@article{Morris10,
	Author = {Morris, Ian D},
	Journal = {Advances in Mathematics},
	Number = {6},
	Pages = {3425--3445},
	Publisher = {Elsevier},
	Title = {A rapidly-converging lower bound for the joint spectral radius via multiplicative ergodic theory},
	Volume = {225},
	Year = {2010}}

@article{baraniuk2008simple,
  title={A simple proof of the restricted isometry property for random matrices},
  author={Baraniuk, Richard and Davenport, Mark and DeVore, Ronald and Wakin, Michael},
  journal={Constructive Approximation},
  volume={28},
  number={3},
  pages={253--263},
  year={2008},
  publisher={Springer}
}

@article{hong1992lower,
  title={A lower bound for the smallest singular value},
  author={Hong, YP and Pan, C-T},
  journal={Linear Algebra and its Applications},
  volume={172},
  pages={27--32},
  year={1992},
  publisher={Elsevier}
}

@book{Deutsch,
	Author = {Deutsch, Frank R},
	Publisher = {Springer Science \& Business Media},
	Title = {Best approximation in inner product spaces},
	Year = {2012}}

@article{Tillmann15,
  title={On the Computational Intractability of Exact and Approximate Dictionary Learning},
  author={Tillmann, Andreas M},
  journal={Signal Processing Letters, IEEE},
  volume={22},
  number={1},
  pages={45--49},
  year={2015},
  publisher={IEEE}
}

@article{Hillar15,
  title={When can dictionary learning uniquely recover sparse data from subsamples?},
  author={Hillar, C and Sommer, F},
  journal={Information Theory, IEEE Transactions on},
  volume={61},
  number={11},
  pages={6290--6297},
  year={2015},
  publisher={IEEE}
}

@article{Zhang15,
  title={A survey of sparse representation: algorithms and applications},
  author={Zhang, Zheng and Xu, Yong and Yang, Jian and Li, Xuelong and Zhang, David},
  journal={Access, IEEE},
  volume={3},
  pages={490--530},
  year={2015},
  publisher={IEEE}
}

@article{grcar2010matrix,
 title={A matrix lower bound},
 author={Grcar, Joseph F},
 journal={Linear Algebra and its Applications},
 volume={433},
 number={1},
 pages={203--220},
 year={2010},
 publisher={Elsevier}
}

@book{akhiezer2013theory,
  title={Theory of linear operators in Hilbert space},
  author={Akhiezer, Naum Ilʹich and Glazman, Izrailʹ Markovich},
  year={2013},
  publisher={Courier Corporation}
}

@article{gribonval2006simple,
  title={A simple test to check the optimality of a sparse signal approximation},
  author={Gribonval, R{\'e}mi and i Ventura, RM Figueras and Vandergheynst, Pierre},
  journal={Signal processing},
  volume={86},
  number={3},
  pages={496--510},
  year={2006},
  publisher={Elsevier}
}

@article{donoho2006stable,
  title={Stable recovery of sparse overcomplete representations in the presence of noise},
  author={Donoho, David L and Elad, Michael and Temlyakov, Vladimir N},
  journal={Information Theory, IEEE Transactions on},
  volume={52},
  number={1},
  pages={6--18},
  year={2006},
  publisher={IEEE}
}

@article{razaviyayn2015computational,
  title={Computational Intractability of Dictionary Learning for Sparse Representation},
  author={Razaviyayn, Meisam and Tseng, Hung-Wei and Luo, Zhi-Quan},
  journal={arXiv preprint arXiv:1511.01776},
  year={2015}
}